@article{wang2017intrusion,
  title={Intrusion Detection System based on Decision Tree Algorithm},
  author={Wang, Y. and Zhang, Y. and Liu, Z.},
  journal={International Journal of Security and Its Applications},
  volume={11},
  number={9},
  pages={29--38},
  year={2017},
}

@article{mirza2019random,
  title={Random Forest for Intrusion Detection: A Comprehensive Review},
  author={Mirza, S. and Zulkernine, M.},
  journal={Journal of Network and Computer Applications},
  volume={126},
  pages={72--90},
  year={2019},
}

@article{raza2017intrusion,
  title={Intrusion Detection using Support Vector Machines: A Review},
  author={Raza, S. and Nazir, B. and Khan, F.},
  journal={International Journal of Advanced Computer Science and Applications},
  volume={8},
  number={4},
  pages={276--282},
  year={2017},
}

@article{khan2019intrusion,
  title={Intrusion Detection System using Deep Learning Techniques: A Review},
  author={Khan, N. and Amin, M.B. and Haq, I.U.},
  journal={International Journal of Advanced Computer Science and Applications},
  volume={10},
  number={2},
  pages={1--7},
  year={2019},
}
