@symbol{objective,
	name = {\ensuremath{J}},
	description = {Optimization Objective},
}

@symbol{mutual-information,
	name = {\ensuremath{I}},
	description = {Mutual Information},
}

@symbol{TP,
	name = {\text{TP}},
	description = {True Positives},
}

@symbol{TN,
	name = {\text{TN}},
	description = {True Negatives},
}

@symbol{FP,
	name = {\text{FP}},
	description = {False Positives},
}

@symbol{FN,
	name = {\text{FN}},
	description = {False Negatives},
}
